@inproceedings{margounakis2006converting,
  title={Converting images to music using their colour properties},
  author={Margounakis, Dimitrios and Politis, Dionysios},
  year={2006},
  organization={Georgia Institute of Technology}
}

@inproceedings{ciuha2010visualization,
  title={Visualization of concurrent tones in music with colours},
  author={Ciuha, Peter and Klemenc, Bojan and Solina, Franc},
  booktitle={Proceedings of the 18th ACM international conference on Multimedia},
  pages={1677--1680},
  year={2010}
}

@article{politis2010modeling,
  title={Modeling musical Chromaticism: The algebra of cross-cultural music perception},
  author={Politis, Dionysios and Margounakis, Dimitrios},
  journal={International Journal of Academic Research},
  volume={2},
  number={6},
  pages={20--29},
  year={2010}
}

@inproceedings{politis2008image,
  title={Image to sound transforms and sound to image visualizations based on the chromaticism of music},
  author={Politis, Dionysios and Margounakis, Dimitrios and Karatsoris, Michail},
  booktitle={7th WSEAS Int. Conf. on Artificial Intelligence, Knowledge Engineering and Databases},
  pages={309--317},
  year={2008}
}

